<record><leader>00000cas a2200000 a 4500</leader><controlfield tag="001">8822134</controlfield><controlfield tag="008">820930d184u193ugauwr ne      0    0eng  </controlfield><datafield ind1=" " ind2=" " tag="010"><subfield code="a">sn 82015287 </subfield></datafield><datafield ind1=" " ind2=" " tag="040"><subfield code="a">DLC</subfield><subfield code="b">eng</subfield><subfield code="c">DLC</subfield><subfield code="d">NPY</subfield><subfield code="d">DLC</subfield><subfield code="d">OCL</subfield><subfield code="d">NLG</subfield><subfield code="d">CNW</subfield><subfield code="d">CVF</subfield><subfield code="d">OCL</subfield><subfield code="d">GUA</subfield><subfield code="d">OCLCO</subfield><subfield code="d">OCLCQ</subfield><subfield code="d">OCLCF</subfield></datafield><datafield ind1=" " ind2=" " tag="019"><subfield code="a">12402023</subfield></datafield><datafield ind1="1" ind2=" " tag="029"><subfield code="a">AU@</subfield><subfield code="b">000025828890</subfield></datafield><datafield ind1=" " ind2=" " tag="042"><subfield code="a">pcc</subfield></datafield><datafield ind1=" " ind2=" " tag="043"><subfield code="a">n-us-ga</subfield></datafield><datafield ind1="0" ind2="0" tag="050"><subfield code="a">Newspaper 7488-X</subfield></datafield><datafield ind1="0" ind2="4" tag="245"><subfield code="a">The La Grange reporter.</subfield></datafield><datafield ind1="3" ind2=" " tag="246"><subfield code="a">LaGrange reporter</subfield></datafield><datafield ind1=" " ind2=" " tag="260"><subfield code="a">La Grange, Ga. :</subfield><subfield code="b">C.H.C. Willingham</subfield></datafield><datafield ind1=" " ind2=" " tag="300"><subfield code="a">v.</subfield></datafield><datafield ind1=" " ind2=" " tag="310"><subfield code="a">Weekly</subfield></datafield><datafield ind1=" " ind2=" " tag="530"><subfield code="a">Also on microfilm: Athens, Ga. : University of Georgia Libraries.</subfield></datafield><datafield ind1=" " ind2=" " tag="588"><subfield code="a">Description based on: Vol. 13, no. 1 (Jan. 1, 1857).</subfield></datafield><datafield ind1=" " ind2="0" tag="651"><subfield code="a">LaGrange (Ga.)</subfield><subfield code="v">Newspapers.</subfield></datafield><datafield ind1=" " ind2="0" tag="651"><subfield code="a">Troup County (Ga.)</subfield><subfield code="v">Newspapers.</subfield></datafield><datafield ind1=" " ind2="7" tag="655"><subfield code="a">Newspapers.</subfield><subfield code="2">fast</subfield><subfield code="0">(OCoLC)fst01423814</subfield></datafield><datafield ind1=" " ind2="7" tag="651"><subfield code="a">Georgia</subfield><subfield code="z">LaGrange.</subfield><subfield code="2">fast</subfield><subfield code="0">(OCoLC)fst01215255</subfield></datafield><datafield ind1=" " ind2="7" tag="651"><subfield code="a">Georgia</subfield><subfield code="z">Troup County.</subfield><subfield code="2">fast</subfield><subfield code="0">(OCoLC)fst01215298</subfield></datafield><datafield ind1=" " ind2=" " tag="752"><subfield code="a">United States</subfield><subfield code="b">Georgia</subfield><subfield code="c">Troup</subfield><subfield code="d">LaGrange.</subfield></datafield><datafield ind1="0" ind2="0" tag="780"><subfield code="t">Grange herald</subfield><subfield code="w">(DLC)sn 82014930</subfield><subfield code="w">(OCoLC)8805002</subfield></datafield><datafield ind1="0" ind2="4" tag="785"><subfield code="t">LaGrange daily news</subfield><subfield code="w">(DLC)sn 89053169</subfield><subfield code="w">(OCoLC)20042513</subfield></datafield></record>